@misc{ OpenAI_dota,
    author = {OpenAI},
    title = {OpenAI Five},
    howpublished = {\url{https://blog.openai.com/openai-five/}},
    year = {2018}}
    
@book{Sutton1998,
  added-at = {2019-07-13T10:11:53.000+0200},
  author = {Sutton, Richard S. and Barto, Andrew G.},
  biburl = {https://www.bibsonomy.org/bibtex/2f46601cf8b13d39d1378af0d79438b12/lanteunis},
  edition = {Second},
  interhash = {ac6b144aaec1819919a2fba9f705c852},
  intrahash = {f46601cf8b13d39d1378af0d79438b12},
  keywords = {},
  publisher = {The MIT Press},
  timestamp = {2019-07-13T10:11:53.000+0200},
  title = {Reinforcement Learning: An Introduction},
  url = {http://incompleteideas.net/book/RLbook2020.pdf},
  year = {2018 }
}

 @misc{karanam_2021, title={Curse of dimensionality - A "curse" to Machine Learning}, url={https://towardsdatascience.com/curse-of-dimensionality-a-curse-to-machine-learning-c122ee33bfeb#:~:text=Curse%20of%20Dimensionality%20describes%20the,first%20introduced%20by%20Richard%20E.}, journal={Medium}, publisher={Towards Data Science}, author={Karanam, Shashmi}, year={2021}, month={Aug}} 
 
  @misc{deepmind, title={AlphaGo: The story so far}, url={https://deepmind.com/research/case-studies/alphago-the-story-so-far}, journal={Deepmind}} 
  
  